% Encoding: ISO-8859-1

@Unpublished{Bie2016Learning,
  author    = {Bie, Zhi and Song, Yang and Yang, Tong},
  title     = {{Learning to Win Rock-Paper-Scissors}},
  year      = {2016},
  file      = {:pdf/Bie2016Learning.pdf:PDF},
  owner     = {valentin},
  timestamp = {2018.05.31},
  url       = {https://web.stanford.edu/class/cs221/2017/restricted/p-final/songyang/final.pdf},
}

@Unpublished{,
  author    = {Neil Pomerleau},
  title     = {Rock Paper Scissors - Playing the Game with Markov Chains},
  file      = {:pdf/rps-report.pdf:PDF},
  owner     = {valentin},
  timestamp = {2018.05.31},
}

@Misc{KnollRPS,
  author    = {Knoll, Byron and Lu, Daniel and Burdge, Jonathan},
  title     = {{RPS Contest}},
  owner     = {valentin},
  timestamp = {2018.05.31},
  url       = {http://www.rpscontest.com/ },
}

@Article{Bengio1999Markovian,
  author  = {Bengio, Yoshua},
  title   = {Markovian models for sequential data},
  journal = {Neural computing surveys},
  year    = {1999},
  volume  = {2},
  number  = {199},
  pages   = {129--162},
  file    = {:pdf/Bengio1999Markovian.pdf:PDF},
}

@InProceedings{Ron1994power,
  author    = {Ron, Dana and Singer, Yoram and Tishby, Naftali},
  title     = {The power of amnesia},
  booktitle = {Proc. of {NIPS}},
  year      = {1994},
  pages     = {176--183},
  file      = {:pdf/Ron1994power.pdf:PDF},
}

@InProceedings{Ron1994Learning,
  author    = {Dana Ron and Yoram Singer and Naftali Tishby},
  title     = {Learning probabilistic automata with variable memory length},
  booktitle = {Proceedings of the seventh annual conference on Computational learning theory - {COLT} {\textquotesingle}94},
  year      = {1994},
  publisher = {{ACM} Press},
  doi       = {10.1145/180139.181006},
  file      = {:pdf/Ron1994Learning.pdf:PDF},
  owner     = {valentin},
  timestamp = {2018.06.16},
}

@Article{Ron1996power,
  author    = {Dana Ron and Yoram Singer and Naftali Tishby},
  title     = {The power of amnesia: Learning probabilistic automata with variable memory length},
  journal   = {Machine Learning},
  year      = {1996},
  volume    = {25},
  number    = {2-3},
  pages     = {117--149},
  doi       = {10.1007/bf00114008},
  file      = {:pdf/Ron1996power.pdf:PDF},
  owner     = {valentin},
  publisher = {Springer Nature},
  timestamp = {2018.06.16},
}

@Article{Largeron-Leteno2003Prediction,
  author    = {Christine Largeron-Let{\'{e}}no},
  title     = {Prediction suffix trees for supervised classification of sequences},
  journal   = {Pattern Recognition Letters},
  year      = {2003},
  volume    = {24},
  number    = {16},
  pages     = {3153--3164},
  month     = {dec},
  doi       = {10.1016/j.patrec.2003.08.002},
  file      = {:pdf/Largeron-Leteno2003Prediction.pdf:PDF},
  owner     = {valentin},
  publisher = {Elsevier {BV}},
  timestamp = {2018.06.16},
}

@Article{Begleiter2004prediction,
  author  = {Begleiter, Ron and El-Yaniv, Ran and Yona, Golan},
  title   = {On prediction using variable order Markov models},
  journal = {Journal of Artificial Intelligence Research},
  year    = {2004},
  volume  = {22},
  pages   = {385--421},
  file    = {:Begleiter2004prediction.pdf:PDF},
}

@InProceedings{Dekel2005power,
  author    = {Dekel, Ofer and Shalev-Shwartz, Shai and Singer, Yoram},
  title     = {The power of selective memory: self-bounded learning of prediction suffix trees},
  booktitle = {{Proc. of NIPS}},
  year      = {2005},
  pages     = {345--352},
  file      = {:Dekel2005power.pdf:PDF},
}

@Article{Ukkonen1995line,
  author    = {E. Ukkonen},
  title     = {On-line construction of suffix trees},
  journal   = {Algorithmica},
  year      = {1995},
  volume    = {14},
  number    = {3},
  pages     = {249--260},
  month     = {sep},
  doi       = {10.1007/bf01206331},
  file      = {:Ukkonen1995line.pdf:PDF},
  owner     = {valentin},
  publisher = {Springer Nature},
  timestamp = {2018.06.22},
}

@Comment{jabref-meta: databaseType:bibtex;}
